@book{shim_budgeting_2011,
	title = {Budgeting Basics and Beyond},
	isbn = {978-1-118-09627-7},
	pagetotal = {565},
	publisher = {John Wiley \& Sons},
	author = {Shim, Jae K. and Siegel, Joel G. and Shim, Allison I.},
	date = {2011-11-01},
    year = {2011},
	langid = {english},
	note = {Google-Books-{ID}: {FsioDgAAQBAJ}},
	keywords = {Business \& Economics / Accounting / General, Business \& Economics / Finance / General, Business \& Economics / General},
}

@misc{pen_popular_budget,
  title = {Popular Budgeting Strategies},
  howpublished = {\url{https://srfs.upenn.edu/financial-wellness/browse-topics/budgeting/popular-budgeting-strategies}},
  note = {Last accessed: 2025-03-10},
  year = {2025},
  author = {{Penn Student Registration and Financial Services}}
}

@misc{rams_how_2024,
  title = {How to Make a Budget: Your Step-by-Step Guide},
  howpublished = {\url{https://www.ramseysolutions.com/budgeting/how-to-make-a-budget}},
  note = {Last accessed: 2025-03-10},
  year = {2024},
  author = {{Ramsey Solutions}}
}

@misc{rams_envelope_2024,
  title = {How to Budget With the Cash Envelope System},
  howpublished = {\url{https://www.ramseysolutions.com/budgeting/envelope-system-explained}},
  note = {Last accessed: 2025-03-10},
  year = {2024},
  author = {{Ramsey Solutions}}
}

@article{gorshkova_nv_and_mytareva_leyla_and_perekrestova_lv_and_glushchenko_av_and_fisher_ov_system_2015,
    author = {Gorshkova, N.V. and Mytareva, Leyla and Perekrestova, L.V. and Glushchenko, A.V. and Fisher, O.V.},
    year = {2015},
    month = {09},
    pages = {},
    title = {System of Family Budgeting as a Methodological Basis for Personal Accounting and Guarantee for Growth of Financial Literacy of the Russians},
    volume = {6},
    journal = {Mediterranean Journal of Social Sciences},
    doi = {10.5901/mjss.2015.v6n5p413}
}

@misc{lake_budgets_2022,
  title = {Budgets: Everything You Need To Know},
  howpublished = {\url{https://www.thebalancemoney.com/how-to-make-a-budget-1289587}},
  note = {Last accessed: 2025-03-11},
  year = {2022},
  author = {Lake, Rebecca}
}

@misc{ganti_what_2024,
  title = {What Is a Budget? Plus 11 Budgeting Myths Holding You Back},
  howpublished = {\url{https://www.investopedia.com/terms/b/budget.asp}},
  note = {Last accessed: 2025-03-11},
  year = {2024},
  author = {Ganti, Akhilesh}
}


@article{versal_how_2023,
	title = {How do savings and personal budgeting matter on financial literacy and well-being},
	volume = {21},
	rights = {Copyright (c) 2023 The Author(s). Published by Vilnius Gediminas Technical University.},
	doi = {10.3846/bmee.2023.19062},
	pages = {190--203},
    year = {2023},
	number = {2},
	journal = {Business, Management and Economics Engineering},
	author = {Versal, Nataliia and Honchar, Ihor and Balytska, Mariia and Erastov, Vasyl},
}


@article{navickas_influence_2014,
	title = {Influence of financial literacy on management of personal finances in a young household},
	volume = {15},
	rights = {Copyright (c) 2014 The Author(s). Published by Vilnius Gediminas Technical University},
	issn = {1822-4202},
	doi = {10.3846/btp.2014.04},
	pages = {32--40},
	number = {1},
	journal = {Business: Theory and Practice},
	author = {Navickas, Mykolas and Gudaitis, Tadas and Krajnakova, Emilia},
    year = {2014},
}

@misc{noauthor_financial_2015,
  title = {Financial well-being: The goal of financial education},
  howpublished = {\url{https://www.consumerfinance.gov/data-research/research-reports/financial-well-being/}},
  note = {Last accessed: 2025-03-11},
  year = {2015},
  author = {{Consumer Financial Protection Bureau}}
}

@article{sonjaya_exploring_2024, 
    title={Exploring the Evolution of Budgeting Practices from Traditional to Technology}, 
    volume={2},
    DOI={10.60079/amfr.v2i1.265}, 
    number={1}, 
    journal={Advances in Management \& Financial Reporting}, 
    author={Sonjaya, Yaya}, 
    year={2024}, 
    month={Jan.}, 
    pages={36–45} 
}


@article{alenazi_creating_2024,
	title = {Creating and Managing Transactions and Budgets: Analysis of Marketplace Descriptions and Functionality Review of Budgeting Apps},
	issn = {1873-7951},
	doi = {10.1093/iwc/iwae041},
	shorttitle = {Creating and Managing Transactions and Budgets},
	pages = {iwae041},
	journal = {Interacting with Computers},
	author = {Alenazi, Mariam and Sas, Corina},
    year = {2024},
}


@incollection{stillwell_financial_2016,
  author = {Stillwell, Steve},
  title = {Financial Education in the {UK}: A Case Study of Practice},
  booktitle = {International Handbook of Financial Literacy},
  editor = {Aprea, Carmela and Wuttke, Eveline and Breuer, Klaus and Koh, Noi Keng and Davies, Peter and Greimel-Fuhrmann, Bettina and Lopus, Jane S.},
  pages = {357--368},
  year = {2016},
  publisher = {Springer},
  location = {Singapore},
  doi = {10.1007/978-981-10-0360-8_24},
  url = {https://doi.org/10.1007/978-981-10-0360-8_24}
}


@inproceedings{alenazi_evaluating_2023,
  author = {Mariam Alenazi and Corina Sas},
  title = {Evaluating Budgeting Apps: Limited Support for Budgeting Compared to Tracking},
  booktitle = {36th International {BCS} Human-Computer Interaction Conference},
  pages = {1--12},
  year = {2023},
  publisher = {{BCS} Learning and Development},
  doi = {10.14236/ewic/BCSHCI2023.1},
}

@misc{thornhill_our_2024,
  title = {Our Pick Of Best Free Budgeting Apps For 2024},
  howpublished = {\url{https://www.forbes.com/uk/advisor/banking/best-budgeting-apps/}},
  note = {Last accessed: 2024-09-24},
  year = {2024},
  author = {Thornhill, Jo}
}

@misc{moneypatrol_personal_nodate,
  title = {MoneyPatrol},
  howpublished = {\url{https://www.moneypatrol.com/moneytalk/budgeting/personal-budget-forecasting-software/}},
  note = {Last accessed: 2025-03-12},
  year = {n.d.},
  author = {{MoneyPatrol}}
}

@misc{noauthor_open_nodate,
  title = {Open Banking App Store - Personal Finance Tools},
  howpublished = {\url{https://www.openbanking.org.uk/app-store/?filter-apps=consumer&filter-app-categories%5B%5D=personal-finance-tools&filter-sort=0}},
  note = {Last accessed: 2025-03-12},
  year = {n.d.},
  author = {{Open Banking}}
}

@misc{geeksforgeeks_classification_2024,
  title = {Classification of Software Requirements - Software Engineering},
  howpublished = {\url{https://www.geeksforgeeks.org/software-engineering-classification-of-software-requirements/}},
  note = {Last accessed: 2025-03-15},
  year = {2024},
  author = {{GeeksForGeeks}}
}

@misc{google_play_account,
  title = {Get started with Play Console - Play Console Help},
  howpublished = {\url{https://support.google.com/googleplay/android-developer/answer/6112435?hl=en&ref_topic=3450769&sjid=15894356692705775063-EU#zippy=%2Cstep-sign-up-for-a-play-console-developer-account%2Cstep-accept-the-developer-distribution-agreement%2Cstep-pay-registration-fee%2Cstep-choose-a-developer-account-type}},
  note = {Last accessed: 2025-03-15},
  year = {2024},
  author = {{Google}}
}

@misc{apple_developer_account,
  title = {Enrollment - Support - Apple Developer},
  howpublished = {\url{https://developer.apple.com/support/enrollment/}},
  note = {Last accessed: 2025-03-15},
  year = {2024},
  author = {{Apple}}
}

@misc{mozilla_progressive_2025,
  title = {Progressive web apps},
  howpublished = {\url{https://developer.mozilla.org/en-US/docs/Web/Progressive_web_apps/Guides/What_is_a_progressive_web_app}},
  note = {Last accessed: 2025-03-15},
  year = {2025},
  author = {{Mozilla}}
}

@misc{productplan_moscow_nodate,
  title = {{MoSCoW} Prioritization},
  howpublished = {\url{https://www.productplan.com/glossary/moscow-prioritization/}},
  note = {Last accessed: 2025-03-15},
  author = {{ProductPlan}}
}

@misc{komodo_9_2022,
  title = {9 Reasons Why React is Still Popular in 2022},
  howpublished = {\url{https://www.komododigital.co.uk/insights/9-reasons-why-react-is-still-popular-in-2021/}},
  note = {Last accessed: 2025-03-15},
  year = {2022},
  author = {{Komodo}}
}

@misc{geeksforgeeks_pros_2024,
  title = {The Pros and Cons of Node.{JS} in Web Development},
  howpublished = {\url{https://www.geeksforgeeks.org/the-pros-and-cons-of-node-js-in-web-development/}},
  note = {Last accessed: 2025-03-15},
  year = {2024},
  author = {{GeeksForGeeks}}
}

@misc{postgresql_about,
  title = {{PostgreSQL}: About},
  howpublished = {\url{https://www.postgresql.org/about/}},
  note = {Last accessed: 2025-03-15},
  author = {{PostgreSQL}}
}

@misc{npm_pg_2025,
  title = {node-postgres},
  howpublished = {\url{https://www.npmjs.com/package/pg}},
  note = {Last accessed: 2025-03-15},
  year = {2025},
  author = {{npm}}
}

@misc{sakthi_unlocking_2024,
  title = {Unlocking Angular Benefits: 10 Key Advantages In 2024},
  howpublished = {\url{https://www.calibraint.com/blog/benefits-of-angular-web-application-development}},
  note = {Last accessed: 2025-03-15},
  year = {2024},
  author = {{Sakthi S}}
}

@misc{sols_angular_nodate,
  title = {Angular vs. React—Which One To Choose For Your Web App? {\textbar} Monterail},
  howpublished = {\url{https://www.monterail.com/blog/angular-vs-react}},
  note = {Last accessed: 2025-03-15},
  author = {Michael Sols}
}

@book{salomon_2018,
    author = {Salomon, David},
    title = {Foundations of Computer Security},
    year = {2011},
    isbn = {1849965609},
    publisher = {Springer Publishing Company, Incorporated},
    edition = {1st},
    publisher={Springer London},
    note = {Chapter 8: Authentication. Pages 196-202},
    chapter = {8},
    pages = {196--202},
}


@book{elmasri_fundamentals_2017,
	location = {Boston},
	edition = {Seventh, Global},
	title = {Fundamentals of Database Systems},
	isbn = {1292097620;9781292097626;},
	publisher = {Pearson},
	author = {Elmasri, Ramez},
	year = {2017},
        note = {Chapter 14: Basics Dependencies of Functional and Normalization for Relational Databases. Pages 489-518},
	keywords = {Database management},
}

@misc{crunchydata_working_postgres,
  title = {Working with Money in Postgres {\textbar} Tutorials},
  howpublished = {\url{https://www.crunchydata.com/developers/playground/working-with-money-in-postgres}},
  note = {Last accessed: 2024-10-21},
  author = {{Crunchy Data}}
}

@misc{github_about_pages,
  title = {About {GitHub} Pages},
  howpublished = {\url{https://docs-internal.github.com/en/pages/getting-started-with-github-pages/about-github-pages}},
  note = {Last accessed: 2025-03-17},
  author = {{GitHub}}
}

@misc{vercel_docs,
  title = {Vercel Documentation},
  howpublished = {\url{https://vercel.com/docs}},
  note = {Last accessed: 2025-03-17},
  author = {{Vercel}}
}

@misc{firebase,
  title = {Firebase {\textbar} Google's Mobile and Web App Development Platform},
  howpublished = {\url{https://firebase.google.com/}},
  note = {Last accessed: 2025-03-17},
  author = {{Firebase}}
}

@misc{supabase,
  title = {Supabase {\textbar} The Open Source Firebase Alternative},
  howpublished = {\url{https://supabase.com/}},
  note = {Last accessed: 2025-03-17},
  author = {{Supabase}}
}

@book{chacon_straub_git,
    author = {Chacon, Scott and Straub, Ben},
    title = {Pro Git},
    year = {2014},
    publisher = {Apress},
    edition = {2nd},
    note = {Chapter 1: Getting Started. Accessed Online At: \url{https://git-scm.com/book/en/v2}},
    chapter = {1},
}

@misc{fowler_continuous_integration,
  title = {Continuous Integration},
  howpublished = {\url{https://martinfowler.com/articles/continuousIntegration.html}},
  note = {Last accessed: 2025-03-17},
  author = {Martin Fowler},
  year = {2024}
}


@book{humble_continuous_2010,
	edition = {1st},
	title = {Continuous Delivery: Reliable Software Releases through Build, Test, and Deployment Automation},
	isbn = {978-0-321-60191-9},
	shorttitle = {Continuous Delivery},
	pagetotal = {512},
	publisher = {Addison-Wesley Professional},
	author = {Humble, Jez and Farley, David},
	year = {2010},
}

@misc{github_actions_deploying,
  title = {Deploying with {GitHub} Actions},
  howpublished = {\url{https://docs-internal.github.com/_next/data/E-ePrqo9YsAcY1X1qhs66/en/free-pro-team%40latest/actions/use-cases-and-examples/deploying/deploying-with-github-actions.json?versionId=free-pro-team%40latest&productId=actions&restPage=use-cases-and-examples&restPage=deploying&restPage=deploying-with-github-actions}},
  note = {Last accessed: 2025-03-08},
  author = {{GitHub Actions}}
}

@misc{ag_grid,
	title = {{AG} {Grid}: {High}-{Performance} {React} {Grid}, {Angular} {Grid}, {JavaScript} {Grid}},
    howpublished = {\url{https://www.ag-grid.com/}},
    note = {Last accessed: 2025-03-18},
    year = {2025},
    author = {{AG Grid}}
}

@misc{ag_charts,
    title = {{JavaScript} {Charts} {\textbar} {AG} {Charts}},
    year = {2025},
    howpublished = {\url{https://www.ag-grid.com/charts}},
    note = {Last accessed: 2025-03-18},
    author = {{AG Charts}}
}

@misc{angular_material,
    title = {Angular {Material}},
    howpublished = {\url{https://material.angular.io/}},
    notes = {Last accessed: 2025-03-21},
    year = {2025},
    author = {{Angular Material}}

}

@misc{w3_schools_sql_injection,
    title = {{SQL} {Injection}},
    howpublished = {\url{https://www.w3schools.com/sql/sql_injection.asp}},
    notes = {Last accessed: 2025-03-23},
    author = {{W3 Schools}}
}

@misc{geeksforgeeks_jwt_authentication,
    title = {How {To} {Implement} {JWT} {Authentication} in {Express} {App}?},
    howpublished = {\url{https://www.geeksforgeeks.org/how-to-implement-jwt-authentication-in-express-js-app/}},
    notes = {Last accessed: 2025-03-23},
    year = {2025},
    author = {{GeeksForGeeks}}

}

@misc{vultr_passwords_postgresql,
    title = {How to {Securely} {Store} {Passwords} {Using} {PostgreSQL} {\textbar} {Vultr} {Docs}},
    howpublished = {\url{https://docs.vultr.com/how-to-securely-store-passwords-using-postgresql}},
    notes = {Last accessed: 2025-03-23},
    year = {2023},
    author = {{Vultr}}

}

@misc{owasp_html5,
    title = {{HTML5} {Security} - {OWASP} {Cheat} {Sheet} {Series}},
    howpublished = {\url{https://cheatsheetseries.owasp.org/cheatsheets/HTML5_Security_Cheat_Sheet.html#Local_Storage}},
    notes = {Last accessed: 2025-03-23},
    author = {{OWASP}}
}

@misc{aws_cors,
    title = {What is {CORS}? - {Cross}-{Origin} {Resource} {Sharing} {Explained} - {AWS}},
    howpublished = {\url{https://aws.amazon.com/what-is/cross-origin-resource-sharing/}},
    notes = {Last accessed: 2025-03-23},
    author = {{AWS}}
}

@article{shukri_personal_2024,
	title={Personal Financial Planning and Mental Wellbeing After Covid-19}, 
    journal={SSRN Electronic Journal}, 
    publisher={Elsevier BV}, 
    author={Mohd Azril Shukri, Nur Aisyah Mardhiah}, 
    year={2024}
}